@article{Ref_Aberkane_2017,
	author={Aberkane, I.},
	title={On the Syracuse conjecture over the binary tree},
	journal={Hyper Articles en Ligne},
	eprint={hal-01574521},
	year={2017}
}

@misc{Ref_Aberkane_2020,
	author={Aberkane, I.},
	title={At least almost all orbits of the Collatz map attain bounded values, and other significant corollaries on the Syracuse problem},
	howpublished={\url{http://idrissaberkane.org/index.php/2020/01/28/derniere-publication-en-anglais/}},
	month={1},
	year={2020}
}

@incollection{Ref_Akin_2004,
	author={Akin, E.},
	title={Why is the 3x + 1 Problem Hard?},
	booktitle={Chapel Hill Ergodic Theory Workshops},
	editor={Assani, I.},
	series={Contemporary Mathematics},
	volume={356},
	pages={1--20},
	address={Providence, RI},
	publisher={American Mathematical Society},
	year={2004},
	doi={http://dx.doi.org/10.1090/conm/364}
}

@incollection{Ref_Almeida,
	author={Almeida, J.},
	title={Profinite semigroups and applications},
	booktitle={Structural Theory of Automata, Semigroups, and Universal 
	Algebra},
	editor={Kudryavtsev, V. B. and Rosenberg, I. G.},
	series={NATO Science Series II: Mathematics, Physics and Chemistry},
	volume={207},
	pages={1--45},
	address={Dordrecht, Netherlands},
	publisher={Springer},
	year={2005}
}

@article{Ref_Allouche_1978,
	author={Allouche, J.-P.},
	title={Sur la conjecture de "Syracuse-Kakutani-Collatz"},
	journal={Séminaire de Théorie des Nombres de Bordeaux},
	issn = {09895558},
	pages={1--15},
	year={1978},
	url={https://www.jstor.org/stable/44166344}
}

@article{Ref_Andrei_Masalagiu,
	author={Andrei, S. and Masalagiu, C.},
	title={About the Collatz conjecture},
	journal={Acta Informatica},
	volume={35},
	number={2},
	pages={167--179},
	year={1998},
	doi={10.1007/s002360050117}
}

@article{Ref_Batang,
	author={Batang, Z. B.},
	title={Integer patterns in Collatz sequences},
	journal={ArXiv Mathematics e-prints},
	eprint={arXiv:1907.07088v2},
	year={2019}
}

@book{Ref_Bauer,
	author={Bauer, F. L.},
	title={Historische Notizen zur Informatik},
	year={2009},
	publisher={Springer},
	doi={10.1007/978-3-540-85790-7}
}

@book{Ref_Bender_Williamson,
	author={Bender, E. A. and Williamson, S. G.},
	title={Mathematics for Algorithm and System Analysis},
	year={2005},
	publisher={Dover},
	isbn={0-486-44250-0}
}

@book{Ref_Benjamin_2009,
	author={Benjamin, A. T.},
	title={Discrete Mathematics},
	year={2009},
	address={Chantilly, VA},
	publisher={The Great Courses}
}

@book{Ref_Benjamin_Chartrand_Zhang,
	author={Benjamin, A. and Chartrand, G. and Zhang, P.},
	title={The Fascinating World of Graph Theory},
	year={2015},
	publisher={Princeton University Press},
	isbn={978-0-691-16381-9}
}

@article{Ref_Berg_Meinardus_1994,
	author={Berg, L. and Meinardus, G.},
	title={Functional Equations Connected With The Collatz Problem},
	journal={Results in Mathematics},
	volume={25},
	number={1},
	pages={1--12},
	year={1994},
	doi={10.1007/BF03323136}
}

@incollection{Ref_Berg_Meinardus_1995,
	author={Berg, L. and Meinardus, G.},
	title={The 3n+1 Collatz Problem and Functional Equations},
	booktitle={Rostocker Mathematisches Kolloquium},
	volume={48},
	pages={11--18},
	address={Rostock, Germany},
	publisher={University of Rostock},
	year={1995}
}

@article{Ref_Bernstein_Lagarias_1996,
	author={Bernstein, D. J. and Lagarias, J. C.},
	title={The 3x + 1 Conjugacy Map},
	journal={Canadian Journal of Mathematics},
	volume={48},
	pages={1154--1169},
	year={1996}
}

@book{Ref_Bondy_Murty,
	author={Bondy, J. A. and Murty, U. S. R.},
	title={Graph Theory with Applications},
	year={1976},
	publisher={Elsevier Science},
	isbn={0-444-19451-7}
}

@book{Ref_Bonnington_Little,
	author={Bonnington, C. P. and Little, C. H.C.},
	title={The Foundations of Topological Graph Theory},
	year={1995},
	publisher={Springer},
	doi={10.1007/978-1-4612-2540-9}
}

@book{Ref_Borwe_etal,
	author={Borwein, J. and van der Poorten, A. and Shallit, J. and Zudlin, W.},
	title={Neverending Fractions: An Introduction to Continued Fractions},
	series={Australian Mathematical Society Lecture Series},
	volume={23},
	year={2014},
	publisher={Cambridge University Press},
	address={Cambridge, UK},
	isbn={978-0-521-18649-0},
	doi={https://doi.org/10.1017/CBO9780511902659}
}

@article{Ref_Bruckman_2008,
	author={Bruckman, P. S.},
	title={RETRACTED ARTICLE: A proof of the Collatz conjecture},
	journal={International Journal of Mathematical Education in Science and Technology},
	volume={39},
	number={3},
	pages={403--407},
	year={2008},
	doi={10.1080/00207390701691574}
}

@book{Ref_Brychkov,
	author={Brychkov, Y. A.},
	title={Handbook of Special Functions: Derivatives, Integrals, Series and Other Formulas},
	year={2008},
	publisher="Chapman \& Hall/CRC",
	isbn={978-1-58488-956-4}
}

@book{Ref_Chartrand_Zhang,
	author={Chartrand, G. and Zhang, P.},
	title={Discrete Mathematics},
	year={2011},
	publisher={Waveland Press, Inc.},
	isbn={978-1-57766-730-8}
}

@article{Ref_Cheng_1989,
	author={Cheng, Y.},
	title={Decompositions of U-Groups},
	journal={Mathematics Magazine},
	volume={62},
	issue={4},
	year={1989},
	doi={https://doi.org/10.2307/2689771}
}

@book{Ref_Childs,
	author={Childs, L. N.},
	title={A Concrete Introduction to Higher Algebra},
	edition={3},
	year={2006},
	publisher={Springer},
	doi={10.1007/978-0-387-74725-5}
}

@misc{Ref_Conrow,
	author={Conrow, K.},
	title={The Structure of the Collatz Graph; A Recursive Production of 
	the Predecessor Tree; Proof of the Collatz 3x+1 Conjecture},
	url={http://citeseerx.ist.psu.edu/viewdoc/summary?doi=10.1.1.423.3396},
	year={2010}
}

@book{Ref_Cormen_Leiserson_Rivest_Stein,
	author={Cormen, T. H. and Leiserson, C. E. and Rivest, R. L. and Stein, C.},
	title={Introduction to Algorithms},
	edition={3},
	year={2009},
	publisher={The MIT Press},
	isbn={978-0-262-03384-8}
}

@book{Ref_Du_Ko_Hu,
	author={Du, D.-Z. and Ko, K.-I and Hu, Z.},
	title={Design and Analysis of Approximation Algorithms},
	year={2012},
	publisher={Springer},
	doi={10.1007/978-1-4614-1701-9}
}

@book{Ref_Ehrig_etal,
	author={Ehrig, H. and Ehrig, K. and Prange, U. and Taentzer, G.},
	title={Fundamentals of Algebraic Graph Transformation},
	year={2006},
	publisher={Springer},
	doi={10.1007/3-540-31188-2}
}

@article{Ref_Feinstein_2012,
	author={Feinstein, C. A.},
	title={The Collatz 3n+1 Conjecture is Unprovable},
	journal={Global Journal of Science Frontier Research Mathematics and Decision Sciences},
	volume={12},
	number={8},
	pages={13--15},
	year={2012}
}

@book{Ref_Forster_2015,
	author={Forster, O.},
	title={Algorithmische Zahlentheorie},
	edition={2},
	year={2015},
	address={Wiesbaden, Germany},
	publisher={Springer Spektrum},
	isbn={978-3-658-06539-3},
	doi={10.1007/978-3-658-06540-9}
}

@book{Ref_Gallian,
	author={Gallian, J. A.},
	title={Contemporary Abstract Algebra},
	edition={9},
	year={2017},
	publisher={Cengage Learning},
	address={Boston, MA},
	isbn={978-1-305-65796-0}
}

@article{Ref_Gallian_Rusin_1980,
	author={Gallian, J. A. and Rusin, D. J.},
	title={Factoring Groups of Integers Modulo n},
	journal={Mathematics Magazine},
	volume={53},
	issue={1},
	year={1980},
	doi={https://doi.org/10.2307/2690028}
}

@article{Ref_Guichard,
	author={Guichard, D. R.},
	title={When Is the U(n) Cyclic? An Algebraic Approach},
	journal={Mathematics Magazine},
	volume={72},
	issue={2},
	year={1999},
	doi={https://doi.org/10.2307/2690598}
}

@book{Ref_Guy,
	author={Guy, R. K.},
	title={Unsolved Problems in Number Theory},
	edition={3},
	year={2004},
	publisher={Springer},
	isbn={978-1-4419-1928-1},
	doi={10.1007/978-0-387-26677-0}
}

@book{Ref_Helemskii,
	author={Helemskii, A. Ya.},
	title={Lectures and Exercises on Functional Analysis},
	year={2006},
	publisher={American Mathematical Society},
	isbn={0-8218-4098-3}
}

@book{Ref_Hensley,
	author={Hensley, D.},
	title={Continued Fractions},
	year={2006},
	publisher={World Scientific Publishing},
	isbn={981-256-477-2}
}

@article{Ref_Hercher,
	author={Hercher, C.},
	title={Über die Länge nicht-trivialer Collatz-Zyklen},
	journal={Die Wurzel},
	issue={Hefte 6 und 7},
	year={2018}
}

@article{Ref_Hicks_Mullen_Yucas_Zavislak_2008,
	author={Hicks, K. and Mullen, G. L. and Yucas, J. L. and Zavislak, R.},
	title={A Polynomial Analogue of the 3n + 1 Problem},
	journal={The American Mathematical Monthly},
	volume={115},
	number={7},
	pages={615--622},
	year={2008}
}

@book{Ref_Higham_2015,
	author={Higham, N. J.},
	title={The Princeton Companion to Applied Mathematics},
	year={2015},
	address={Princeton, NJ},
	publisher={Princeton University Press},
	isbn={978-0-691-15039-0}
}

@book{Ref_Hutz_2018,
	author={Hutz, B.},
	title={An Experimental Introduction to Number Theory},
	series={Pure and Applied Undergraduate Texts},
	volume={31},
	year={2018},
	publisher={American Mathematical Society},
	address={Providence, RI},
	isbn={978-1-4704-3097-9}
}

@article{Ref_Idowu_2015,
	author={Idowu, M. A.},
	title={A Novel Theoretical Framework Formulated for Information Discovery from Number System and Collatz Conjecture Data},
	journal={Procedia Computer Science},
	volume={61},
	pages={105--111},
	year={2015}
}

@misc{Ref_Jain_2011,
	author={Jain, R.},
	title={Number Theory},
	year={2011},
	address={Saint Louis, MO},
	organization={Washington University in Saint Louis},
	url={https://www.cse.wustl.edu/~jain/cse571-11/ftp/l_08mnt.pdf}
}

@book{Ref_Johnsonbaugh,
	author={Johnsonbaugh, R.},
	title={Discrete Mathematics},
	edition={8},
	year={2017},
	publisher={Pearson},
	isbn={0-321-96468-3}
}

@techreport{Ref_Kahermanes_2011,
	author={Kahermanes, S.},
	title={Collatz Conjecture},
	number={Math 301 Term Paper},
	institution={San Francisco State University},
	year={2011}
}

@techreport{Ref_Kak_2014,
	author={Kak, S.},
	title={Digit Characteristics in the Collatz 3n+1 Iterations},
	institution={Oklahoma State University},
	url={https://subhask.okstate.edu/sites/default/files/collatz4.pdf},
	year={2014}
}

@inbook{Ref_Kalka_2016,
	author={Kalka, A.},
	title={Non-associative public-key cryptography},
	editor={Kahrobaei, D. and Cavallo, B. and Garber, D.},
	booktitle={Algebra and Computer Science},
	series={Contemporary Mathematics},
	chapter={5},
	volume={677},
	pages={85--112},
	year={2016},
	publisher={American Mathematical Society},
	isbn={978-1-4704-2303-2},
	doi={http://dx.doi.org/10.1090/conm/677/13623}
}

@book{Ref_Karpfinger_Meyberg_2017,
	author={Karpfinger, C. and Meyberg, K.},
	title={Algebra: Gruppen – Ringe – Körper},
	edition={4},
	year={2017},
	address={Berlin, Germany},
	publisher={Springer},
	isbn={978-3-662-54721-2},
	doi={10.1007/978-3-662-54722-9}
}

@book{Ref_Kersting_Wakolbinger_2008,
	author={Kersting, G. and Wakolbinger, A.},
	title={Elementare Stochastik},
	year={2008},
	address={Basel, Switzerland},
	publisher={Birkhäuser},
	isbn={978-3-7643-8430-2}
}

@article{Ref_Kleinnijenhuis_2020a,
	author={Kleinnijenhuis, J. and Kleinnijenhuis, A. M.},
	title={Pruning the binary tree, proving the Collatz conjecture},
	journal={ArXiv Mathematics e-prints},
	eprint={arXiv:2008.13643v1},
	year={2020}
}

@article{Ref_Kleinnijenhuis_2020b,
	author={Kleinnijenhuis, J. and Kleinnijenhuis, A. M.},
	title={The Collatz tree is a Hilbert hotel: a proof of the 3n + 1 conjecture},
	journal={ArXiv Mathematics e-prints},
	eprint={arXiv:2008.13643v2},
	year={2020}
}

@unpublished{Ref_Klisse_2010,
	author={Klisse, M.},
	title={Das Collatz-Problem: Lösungs- und Erklärungsansätze für die 1937 
	von Lothar Collatz entdeckte (3n+1)-Vermutung},
	year={2010}
}

@book{Ref_Knopp,
	author={Knopp, K.},
	title={Theorie und Anwendung der Unendlichen Reihen},
	edition={2},
	year={1924},
	publisher={Springer},
	isbn={978-3-662-41730-0},
	doi={10.1007/978-3-662-41871-0}
}

@techreport{Ref_Koch_2020,
	author={Koch, C. and Sultanow, E. and Cox, S.},
	title={Divisions by Two in Collatz Sequences: A Data Science Approach},
	version={2},
	year={2020},
	institution={Technische Hochschule Nürnberg},
	doi={https://doi.org/10.34646/thn/ohmdok-620}
}

@misc{Ref_Koch_Github,
	author={Koch, Christian},
	title={Collatz Python Library},
	publisher={Github},
	year={2020},
	howpublished = {\url{https://github.com/c4ristian/collatz}}
}

@article{Ref_Kohl_2008,
	author={Kohl, S.},
	title={On conjugates of Collatz-type mappings},
	journal={International Journal of Number Theory},
	volume={4},
	number={1},
	pages={117--120},
	year={2008},
	doi={http://dx.doi.org/10.1142/S1793042108001237}
}

@article{Ref_Korec_1994,
	author={Korec, I.},
	title={A density estimate for the 3x+1 problem},
	journal={Mathematica Slovaca},
	pages={85--89},
	volume={44},
	number={1},
	year={1994},
	url={http://dml.cz/dmlcz/133225}
}

@book{Ref_Korte_Vygen,
	author={Korte, B. and Vygen, J.},
	title={Combinatorial Optimization: Theory and Algorithms},
	edition={6},
	year={2018},
	publisher={Springer},
	doi={https://doi.org/10.1007/978-3-662-56039-6}
}

@article{Ref_Kraaikamp_Wu,
	author={Kraaikamp, C. and Wu, J.},
	title={On a New Continued Fraction Expansion with Non-Decreasing Partial Quotients},
	journal={Monatshefte für Mathematik},
	volume={143},
	issue={4},
	pages={285--298},
	year={2004},
	publisher={Springer},
	doi={10.1007/s00605-004-0246-3}
}

@thesis{Ref_Laarhoven,
	author={Laarhoven, T.M.M.},
	title={The 3n + 1 conjecture},
	school={Eindhoven University of Technology},
	year={2009},
	month={7}
}

@article{Ref_Lagarias_1985,
	author={Lagarias, J. C.},
	title={The 3x + 1 Problem and Its Generalizations},
	journal={The American Mathematical Monthly},
	volume={92},
	number={1},
	pages={3--23},
	year={1985}
}

@book{Ref_Lagarias_2010,
	author={Lagarias, J. C.},
	title={The Ultimate Challenge: The 3x+1 Problem},
	year={2010},
	address={Providence, RI},
	publisher={American Mathematical Society},
	isbn={978-0821849408}
}

@article{Ref_Lagarias_2011,
	author={Lagarias, J. C.},
	title={The 3x + 1 Problem: An Annotated Bibliography (1963-1999)},
	journal={ArXiv Mathematics e-prints},
	eprint={math/0309224v13},
	year={2011}
}

@article{Ref_Lagarias_2012,
	author={Lagarias, J. C.},
	title={The 3x + 1 Problem: An Annotated Bibliography, II (2000-2009)},
	journal={ArXiv Mathematics e-prints},
	eprint={math/0608208v6},
	year={2012}
}

@misc{Ref_Lang_2017,
	author={Lang, W.},
	title={Table for the multiplicative non-cyclic groups of integers modulo A033949},
	url={https://oeis.org/A282624/a282624.pdf},
	institution={Institute for Theoretical Physics (ITP), Karlsruhe Institute of Technology (KIT)},
	month={3},
	year={2017}
}

@book{Ref_Loeh,
	author={Löh, C.},
	title={Geometric Group Theory: An Introduction},
	year={2017},
	publisher={Springer},
	doi={https://doi.org/10.1007/978-3-319-72254-2}
}

@book{Ref_Loehr,
	author={Loehr, N. A.},
	title={Combinatorics},
	edition={2},
	year={2017},
	publisher={CRC Press},
	isbn={978-1-4987-8025-4}
}

@book{Ref_MacLane_Birkhoff,
	author={Mac Lane, S. and Birkhoff, G.},
	title={Algebra},
	edition={3},
	year={1999},
	publisher={AMS Chelsea Publishing},
	isbn={0821816462}
}

@book{Ref_Mazur_2010,
	author={Mazur, D. R.},
	title={Combinatorics: A Guided Tour},
	series={MAA Textbooks},
	year={2010},
	address={Washington, DC},
	publisher={The Mathematical Association of America},
	isbn={978-0-88385-762-5}
}

@book{Ref_Mehlhorn_Sanders,
	author={Mehlhorn, K. and Sanders, P.},
	title={Algorithms and Data Structures: The Basic Toolbox},
	year={2008},
	publisher={Springer},
	doi={10.1007/978-3-540-77978-0}
}

@article{Ref_Michel_2014,
	author={Michel, P.},
	title={Simulation of the Collatz 3x + 1 function by Turing machines},
	journal={ArXiv Mathematics e-prints},
	eprint={1409.7322v1},
	year={2014}
}

@book{Ref_Modler_Kreh_2012,
	author={Modler, F. and Kreh, M.},
	title={Tutorium Analysis 2 und Lineare Algebra 2},
	edition={2},
	year={2012},
	address={Heidelberg, Germany},
	publisher={Spektrum Akademischer Verlag},
	isbn={978-3-8274-2895-0}
}

@book{Ref_Moore,
	author={Moore, C. G.},
	title={Introduction to Continued Fractions},
	year={1964},
	publisher={National Council of Teachers of Mathematics}
}

@book{Ref_Mueller-Stach_2011,
	author={Müller-Stach, S. and Piontkowski, J.},
	title={Elementare und algebraische Zahlentheorie},
	edition={2},
	year={2011},
	address={Wiesbaden, Germany},
	publisher={Vieweg+Teubner},
	isbn={978-3-8348-1256-8}
}

@misc{Ref_Murphy,
	author={Murphy, T.},
	title={2006 Course 4281: Prime Numbers},
	year={2006},
	publisher={Trinity College, University of Dublin},
	url={https://www.maths.tcd.ie/pub/Maths/Courseware/428/}
}

@book{Ref_Novak_etal,
	author={Novák, V. and Perfilieva, I. and Močkoř, J.},
	title={Mathematical Principles of Fuzzy Logic},
	year={1999},
	publisher={Springer},
	doi={10.1007/978-1-4615-5217-8}
}

@misc{Ref_OESIS_A005184,
	author={The OEIS Foundation},
	title={Self-contained numbers: odd numbers n whose Collatz sequence contains a higher multiple of n},
	url={https://oeis.org/A005184},
	year={2020}
}

@misc{Ref_OESIS_A033949,
	author={The OEIS Foundation},
	title={Positive integers that do not have a primitive root.},
	url={https://oeis.org/A033949},
	year={2020}
}

@article{Ref_Opfer_2011,
	author={Opfer, G.},
	title={An analytic approach to the Collatz 3n + 1 Problem},
	journal={Hamburger Beiträge zur Angewandten Mathematik},
	volume={2011-09},
	year={2011}
}

@inbook{Ref_Pellissier,
	author={Angot-Pellissier, R.},
	title={The Relation Between Logic, Set Theory and Topos Theory as It Is Used by Alain Badiou},
	editor={Koslow, A. and Buchsbaum, A.},
	booktitle={The Road to Universal Logic: Festschrift for the 50th Birthday of Jean-Yves Beziau},
	volume={2},
	pages={181--200},
	year={2015},
	publisher={Birkhäuser},
	doi={10.1007/978-3-319-15368-1}
}

@misc{Ref_Roosendaal_2020,
	author={Roosendaal, E.},
	title={On the 3x + 1 problem},
	url={http://www.ericr.nl/wondrous/},
	year={2020}
}

@book{Ref_Rosen,
	author={Rosen, K. H.},
	title={Discrete Mathematics and Its Applications},
	edition={7},
	year={2011},
	publisher={McGraw-Hill},
	isbn={978-0-07-338309-5}
}

@book{Ref_Sedgewick_2011,
	author={Sedgewick, R. and Wayne, K.},
	title={Algorithms},
	edition={4},
	year={2011},
	publisher={Addison-Wesley},
	address={Upper Saddle River, NJ},
	isbn={978-0-321-57351-3}
}

@book{Ref_Shoup_2008,
	author={Shoup, V.},
	title={A Computational Introduction to Number Theory and Algebra},
	edition={2},
	year={2008},
	publisher={Cambridge University Press},
	address={Cambridge, UK},
	isbn={978-0-521-51644-0},
	url={https://shoup.net/ntb/}
}

@book{Ref_Schubert_2009,
	author={Schubert, M.},
	title={Mathematik für Informatiker},
	year={2009},
	address={Wiesbaden, Germany},
	publisher={Vieweg+Teubner},
	isbn={978-3-8351-0157-9}
}

@misc{Ref_Schwalen_2014,
	author={Schwalen, K.},
	title={Prime Restklassengruppen: Aufbau und Eigenschaften},
	version={1.12},
	year={2014},
	url={http://www.primath.homepage.t-online.de/Homepagedateien/PR.pdf}
}

@article{Ref_Silva_1999,
	author={Oliveira e Silva, T.},
	title={Maximum Excursion and Stopping Time Record-Holders for the 3x + 1 Problem: Computational Results},
	journal={Mathematics of Computation},
	volume={68},
	number={225},
	pages={371--384},
	year={1999}
}

@article{Ref_Snapp_Tracy_2008,
	author={Snapp, B. and Tracy, M.},
	title={The Collatz Problem and Analogues},
	journal={Journal of Integer Sequences},
	volume={11},
	number={4},
	year={2008}
}

@book{Ref_Stinson_Paterson_2019,
	author={Stinson, D. R. and Paterson, M. B.},
	title={Cryptography: Theory and Practice},
	edition={4},
	year={2019},
	address={Boca Raton, FL},
	publisher={CRC Press},
	isbn={978-1-1381-9701-5}
}

@misc{Ref_Sultanow_Github,
	author={Sultanow, Eldar},
	title={Sources for the exploration of Collatz Sequences: TeX, Mathematica and Python},
	publisher={Github},
	year={2020},
	howpublished = {\url{https://github.com/Sultanow/collatz}}
}

@misc{Ref_Sultanow_Github_Java,
	author={Sultanow, Eldar},
	title={A Java Tool for Visualizing Collatz Trees},
	publisher={Github},
	year={2020},
	howpublished = {\url{https://github.com/Sultanow/collatz_java}}
}

@article{Ref_Sultanow_Volkov_Cox_2017,
	author={Sultanow, E. and Volkov, D. and Cox, S.},
	title={Introducing a Finite State Machine for Processing Collatz Sequences},
	journal={International Journal of Pure Mathematical Sciences},
	volume={19},
	pages={10--19},
	year={2017}
}

@article{Ref_Tao_2019,
	author={Tao, T.},
	title={Almost all orbits of the collatz map attain almost
	bounded values},
	journal={ArXiv Mathematics e-prints},
	eprint={1909.03562v3},
	year={2020}
}

@article{Ref_Terras_1976,
	author={Terras, R.},
	title={A stopping time problem on the positive integers},
	journal={Acta Arithmetica},
	volume={30},
	number={3},
	pages={241--252},
	year={1976}
}

@book{Ref_Teschl_2013,
	author={Teschl, G. and Teschl, S.},
	title={Mathematik für Informatiker},
	edition={4},
	volume={1},
	year={2013},
	publisher={Springer Vieweg},
	doi={10.1007/978-3-642-37972-7}
}

@book{Ref_Trott,
	author={Trott, M.},
	title={The Mathematica GuideBook for Symbolics},
	year={2006},
	publisher={Springer Science+Business Media, Inc.},
	isbn={978-0387-95020-4}
}

@article{Ref_Truemper_2014,
	author={Trümper, M.},
	title={The Collatz Problem in the Light of an Infinite Free Semigroup},
	journal={Chinese Journal of Mathematics},
	pages={105--111},
	year={2014},
	doi={http://dx.doi.org/10.1155/2014/756917}
}

@book{Ref_Voloshin,
	author={Voloshin, V. I.},
	title={Introduction to Graph and Hypergraph Theory},
	year={2011},
	publisher={Nova Science Publishers},
	isbn={978-1-61470-112-5}
}

@book{Ref_Walz_2017,
	editor={Walz, G.},
	title={Lexikon der Mathematik},
	edition={2},
	volume={1},
	year={2017},
	publisher={Springer},
	doi={10.1007/978-3-662-53498-4}
}

@techreport{Ref_de_Weger_2011,
	author={de Weger, B.},
	title={Comments on Opfer's alleged proof of the 3n + 1 Conjecture},
	institution={Eindhoven University of Technology},
	year={2011}
}

@article{Ref_Williams_2000,
	author={Williams, S. W.},
	title={Million Buck Problems},
	journal={National Association of Mathematicians Newsletter},
	volume={31},
	number={2},
	pages={1--3},
	year={2000}
}

@book{Ref_Wirsching_1998,
	author={Wirsching, G. J.},
	title={The Dynamical System Generated by the 3n+1 Function},
	year={1998},
	publisher={Springer},
	doi={10.1007/BFb0095985}
}

@book{Ref_Wolfart_2011,
	author={Wolfart, J.},
	title={Einführung in die Zahlentheorie und Algebra},
	edition={2},
	year={2011},
	address={Wiesbaden, Germany},
	publisher={Vieweg+Teubner},
	isbn={978-3-8348-1461-6}
}

@book{Ref_Zwillinger_Kokoska,
	author={Zwillinger, D. and Kokoska, S.},
	title={Standard Probability and Statistics Tables and Formulae},
	year={2000},
	publisher="Chapman \& Hall/CRC",
	isbn={1-58488-059-7}
}