@article{Ref_Cox_2012,
	author={Cox, D.},
	title={The 3n+1 Problem: A Probabilistic Approach},
	journal={Journal of Integer Sequences},
	volume={15},
	number={5},
	pages={1--11},
	year={2012},
	doi={10.1017/S0027763000005754}
}

@article{Ref_Crandall_1978,
	author={Crandall, R. E.},
	title={On the "3x+1" problem},
	journal={Mathematics of Computation},
	volume={32},
	number={144},
	pages={1281--1292},
	year={1978},
	doi={https://doi.org/10.1090/S0025-5718-1978-0480321-3}
}

@article{Ref_Franco_Pomerance_1995,
	author={Franco, Z. and Pomerance, C.},
	title={On a conjecture of Crandall concerning the "qx+1" problem},
	journal={Mathematics of Computation},
	volume={64},
	number={211},
	pages={1333--1336},
	year={1995},
	doi={https://doi.org/10.1090/S0025-5718-1995-1297468-4}
}

@article{Ref_Gupta_2020,
	author={Gupta, A.},
	title={On Cycles of Generalized Collatz Sequences},
	journal={ArXiv Mathematics e-prints},
	eprint={arXiv:2008.11103v1},
	year={2020}
}

@article{Ref_Halbeisen_Hungerbuehler_1997,
	author={Halbeisen, L. and Hungerbuehler, N.},
	title={Optimal bounds for the length of rational Collatz cycles},
	journal={Acta Arithmetica},
	volume={78},
	number={3},
	pages={227--239},
	year={1997},
	issn={0065-1036}
}