@misc{Collag3n_2020,
	author={Collag3n},
	title={Comment on answer to "A possible way to prove non-cyclicity of eventual counterexamples of the Collatz conjecture?"},
	month={December},
	year={2020},
	publisher={StackExchange Mathematics},
	url={https://math.stackexchange.com/questions/3212129/a-possible-way-to-prove-non-cyclicity-of-eventual-counterexamples-of-the-collatz/3592741#comment8176934_3592741}
}

@article{Halbeisen_Hungerbuehler_1997,
	author={Halbeisen, L., Hungerb√ºhler, N.},
	title={Optimal bounds for the length of rational Collatz cycles},
	journal={Acta Arithmetica},
	volume={78},
	number={3},
	year={1997},
	pages={227-239}
}

@article{Koch_2020,
	author={Koch, C. and Sultanow, E. and Cox, S.},
	title={Divisions by Two in Collatz Sequences: A Data Science Approach},
	journal={International Journal of Pure Mathematical Sciences},
	volume={21},
	year={2020},
	doi={
	https://doi.org/10.18052/www.scipress.com/IJPMS.21.1}
}

@techreport{Sultanow_Koch_2020,
	author={Sultanow, E. and Koch, C. and Cox, S.},
	title={Collatz Sequences in the Light of Graph Theory},
	version={5},
	year={2020},
	institution={University of Potsdam},
	doi={https://doi.org/10.25932/publishup-48214}
}
