@book{Ref_Lagarias_2010,
	author={Lagarias, J. C.},
	title={The Ultimate Challenge: The 3x+1 Problem},
	year={2010},
	address={Providence, RI},
	publisher={American Mathematical Society},
	isbn={978-0821849408}
}

@article{Ref_Bruckman_2008,
	author={Bruckman, P. S.},
	title={RETRACTED ARTICLE: A proof of the Collatz conjecture},
	journal={International Journal of Mathematical Education in Science and Technology},
	volume={39},
	number={3},
	pages={403--407},
	year={2008},
	doi={10.1080/00207390701691574}
}

@thesis{Ref_Laarhoven,
	author={Laarhoven, T.M.M.},
	title={The 3n + 1 conjecture},
	school={Eindhoven University of Technology},
	year={2009},
	month={7}
}

@book{Ref_Moore,
	author={Moore, C. G.},
	title={Introduction to Continued Fractions},
	year={1964},
	publisher={National Council of Teachers of Mathematics}
}

@book{Ref_Hensley,
	author={Hensley, D.},
	title={Continued Fractions},
	year={2006},
	publisher={World Scientific Publishing},
	isbn={981-256-477-2}
}

@book{Ref_Borwe_etal,
	author={Borwe, J. and van der Poorten, A. and Shallit, J. and Zudlin, W.},
	title={Neverending Fractions: An Introduction to Continued Fractions},
	year={2014},
	publisher={Cambridge University Press},
	isbn={978-0-521-18649-0}
}

@article{Ref_Kraaikamp_Wu,
	author={Kraaikamp, C. and Wu, J.},
	title={On a New Continued Fraction Expansion with Non-Decreasing Partial Quotients},
	journal={Monatshefte f√ºr Mathematik},
	volume={143},
	issue={4},
	pages={285--298},
	year={2004},
	publisher={Springer},
	doi={10.1007/s00605-004-0246-3}
}

@book{Ref_Brualdi_2010,
	author={Brualdi, R. A.},
	title={Introductory Combinatorics},
	edition={5},
	year={2010},
	address={Upper Saddle River, NJ},
	publisher={Prentice Hall},
	isbn={978-0-13-602040-0}
}

@book{Ref_Knopp,
	author={Knopp, K.},
	title={Theorie und Anwendung der Unendlichen Reihen},
	edition={2},
	year={1924},
	publisher={Springer},
	isbn={978-3-662-41730-0},
	doi={10.1007/978-3-662-41871-0}
}

@misc{Ref_Murphy,
	author={Murphy, T.},
	title={2006 Course 4281: Prime Numbers},
	year={2006},
	publisher={Trinity College, University of Dublin},
	url={https://www.maths.tcd.ie/pub/Maths/Courseware/428/}
}
